<record><leader>00000cas a2200000 i 4500</leader><controlfield tag="001">173659912</controlfield><controlfield tag="006">m     o  d        </controlfield><controlfield tag="007">cr cn|||||||||</controlfield><controlfield tag="008">071004d20072010txumr n o     0    0eng c</controlfield><datafield ind1=" " ind2=" " tag="010"><subfield code="a">  2007240556</subfield></datafield><datafield ind1=" " ind2=" " tag="040"><subfield code="a">IXA</subfield><subfield code="b">eng</subfield><subfield code="e">rda</subfield><subfield code="e">pn</subfield><subfield code="c">IXA</subfield><subfield code="d">IXA</subfield><subfield code="d">OCLCQ</subfield><subfield code="d">OCLCF</subfield><subfield code="d">IXA</subfield><subfield code="d">OCLCO</subfield><subfield code="d">OCL</subfield><subfield code="d">OCLCO</subfield></datafield><datafield ind1="0" ind2=" " tag="041"><subfield code="a">eng</subfield><subfield code="a">spa</subfield></datafield><datafield ind1=" " ind2=" " tag="042"><subfield code="a">pcc</subfield></datafield><datafield ind1=" " ind2=" " tag="043"><subfield code="a">n-us-tx</subfield><subfield code="a">n-mx---</subfield></datafield><datafield ind1="0" ind2="3" tag="245"><subfield code="a">La voz de Austin.</subfield></datafield><datafield ind1="1" ind2=" " tag="246"><subfield code="i">Occasional issues have title:</subfield><subfield code="a">Voz de Austin, Texas</subfield></datafield><datafield ind1=" " ind2="1" tag="264"><subfield code="a">Austin, Tex. :</subfield><subfield code="b">Alfredo R. Santos,</subfield><subfield code="c">-2010.</subfield></datafield><datafield ind1=" " ind2=" " tag="310"><subfield code="a">Monthly</subfield></datafield><datafield ind1=" " ind2=" " tag="336"><subfield code="a">text</subfield><subfield code="b">txt</subfield><subfield code="2">rdacontent</subfield></datafield><datafield ind1=" " ind2=" " tag="337"><subfield code="a">computer</subfield><subfield code="b">c</subfield><subfield code="2">rdamedia</subfield></datafield><datafield ind1=" " ind2=" " tag="338"><subfield code="a">online resource</subfield><subfield code="b">cr</subfield><subfield code="2">rdacarrier</subfield></datafield><datafield ind1="1" ind2=" " tag="362"><subfield code="a">Began with Volume #2, number #3 (March 2007); ceased with volume 5, number 6 (June 2010).</subfield></datafield><datafield ind1=" " ind2=" " tag="546"><subfield code="a">English and Spanish.</subfield></datafield><datafield ind1=" " ind2=" " tag="580"><subfield code="a">Merger of: La voz de Dove Springs, La voz de Montopolis, La voz de East Austin, La voz de Riverside/Oltorf, and La voz de South Austin.</subfield></datafield><datafield ind1=" " ind2=" " tag="588"><subfield code="a">Description based on: Vol. #2, no. #4 (April 2007); title from PDF caption (publisher's Web site, viewed Dec. 29, 2015).</subfield></datafield><datafield ind1=" " ind2=" " tag="588"><subfield code="a">Latest issue consulted: Volume 5, number 6 (June 2010) (viewed Dec. 29, 2015).</subfield></datafield><datafield ind1=" " ind2="0" tag="651"><subfield code="a">Austin (Tex.)</subfield><subfield code="v">Newspapers.</subfield></datafield><datafield ind1=" " ind2="0" tag="650"><subfield code="a">Mexican Americans</subfield><subfield code="z">Texas</subfield><subfield code="z">Austin</subfield><subfield code="v">Newspapers.</subfield></datafield><datafield ind1=" " ind2="0" tag="650"><subfield code="a">Hispanic Americans</subfield><subfield code="z">Texas</subfield><subfield code="z">Austin</subfield><subfield code="v">Newspapers.</subfield></datafield><datafield ind1=" " ind2="7" tag="650"><subfield code="a">Hispanic Americans</subfield><subfield code="2">fast</subfield><subfield code="0">(OCoLC)fst00957523</subfield></datafield><datafield ind1=" " ind2="7" tag="650"><subfield code="a">Mexican Americans.</subfield><subfield code="2">fast</subfield><subfield code="0">(OCoLC)fst01019072</subfield></datafield><datafield ind1=" " ind2="7" tag="651"><subfield code="a">Texas</subfield><subfield code="z">Austin.</subfield><subfield code="2">fast</subfield><subfield code="0">(OCoLC)fst01204313</subfield></datafield><datafield ind1=" " ind2="7" tag="655"><subfield code="a">Newspapers.</subfield><subfield code="2">fast</subfield><subfield code="0">(OCoLC)fst01423814</subfield></datafield><datafield ind1=" " ind2=" " tag="752"><subfield code="a">United States</subfield><subfield code="b">Texas</subfield><subfield code="c">Travis</subfield><subfield code="d">Austin.</subfield></datafield><datafield ind1="1" ind2="4" tag="780"><subfield code="t">Voz de Dove Springs</subfield><subfield code="w">(DLC)  2006240418</subfield><subfield code="w">(OCoLC)65167560</subfield></datafield><datafield ind1="1" ind2="4" tag="780"><subfield code="t">Voz de Montopolis</subfield></datafield><datafield ind1="1" ind2="4" tag="780"><subfield code="t">Voz de East Austin</subfield></datafield><datafield ind1="1" ind2="4" tag="780"><subfield code="t">Voz de Riverside/Oltorf</subfield></datafield><datafield ind1="1" ind2="4" tag="780"><subfield code="t">Voz de South Austin</subfield></datafield><datafield ind1="0" ind2="0" tag="785"><subfield code="t">Voz (Austin, Tex.)</subfield><subfield code="w">(DLC)  2016240001</subfield><subfield code="w">(OCoLC)935522946</subfield></datafield><datafield ind1="4" ind2="0" tag="856"><subfield code="u">http://www.lavoznewspapers.com/</subfield></datafield></record>